<?xml version="1.0" encoding="UTF-8"?>
<OAI-PMH xmlns="http://www.openarchives.org/OAI/2.0/" xmlns:xsi="http://www.w3.org/2001/XMLSchema-instance" xsi:schemaLocation="http://www.openarchives.org/OAI/2.0/ http://www.openarchives.org/OAI/2.0/OAI-PMH.xsd">
  <ListRecords>
    <record>
      <header>
        <identifier>aleph-publish:000161445</identifier>
      </header>
      <metadata>
        <record xmlns="http://www.ddb.de/professionell/mabxml/mabxml-1.xsd">
          <leader>00213vM2.01200024------u</leader>
          <controlfield tag="LDR">00213vM2.01200024------u</controlfield>
          <controlfield tag="FMT">MU</controlfield>
          <datafield tag="001" ind1="-" ind2="1">
            <subfield code="a">HT003026087</subfield>
          </datafield>
          <datafield tag="001" ind1="-" ind2="2">
            <subfield code="a">HT001028404</subfield>
          </datafield>
          <datafield tag="002" ind1="a" ind2="1">
            <subfield code="a">19871130</subfield>
          </datafield>
          <datafield tag="002" ind1="a" ind2="2">
            <subfield code="a">19950713</subfield>
          </datafield>
          <datafield tag="003" ind1="-" ind2="1">
            <subfield code="a">20061009</subfield>
          </datafield>
          <datafield tag="004" ind1="-" ind2="2">
            <subfield code="a">20031206</subfield>
          </datafield>
          <datafield tag="010" ind1="-" ind2="1">
            <subfield code="a">HT001028404</subfield>
          </datafield>
          <controlfield tag="030">a|1uc||||||||</controlfield>
          <datafield tag="070" ind1="-" ind2="1">
            <subfield code="a">466</subfield>
          </datafield>
          <datafield tag="070" ind1="-" ind2="2">
            <subfield code="a">466</subfield>
          </datafield>
          <datafield tag="070" ind1="b" ind2="1">
            <subfield code="a">290</subfield>
          </datafield>
          <datafield tag="080" ind1="-" ind2="1">
            <subfield code="a">60</subfield>
          </datafield>
          <datafield tag="080" ind1="-" ind2="2">
            <subfield code="a">60</subfield>
          </datafield>
          <datafield tag="089" ind1="-" ind2="1">
            <subfield code="a">2</subfield>
          </datafield>
          <datafield tag="090" ind1="-" ind2="1">
            <subfield code="a">2</subfield>
          </datafield>
          <datafield tag="100" ind1="-" ind2="2">
            <subfield code="p">Dukmeyer, Friedrich</subfield>
            <subfield code="9">(DE-588)16065386X</subfield>
          </datafield>
          <datafield tag="331" ind1="-" ind2="2">
            <subfield code="a">Korbs Diarium itineris in Moscoviam und Quellen, die es ergänzen</subfield>
          </datafield>
          <datafield tag="335" ind1="-" ind2="2">
            <subfield code="a">Beiträge zur moskowitisch-russischen, österreichisch-kaiserlichen und brandenburgisch-preussischen Geschichte aus der Zeit Peters des Grossen</subfield>
          </datafield>
          <datafield tag="359" ind1="-" ind2="2">
            <subfield code="a">von Friedrich Dukmeyer</subfield>
          </datafield>
          <datafield tag="403" ind1="-" ind2="2">
            <subfield code="a">Nachdr. [d. Ausg.] Berlin 1909 - 1910</subfield>
          </datafield>
          <datafield tag="410" ind1="-" ind2="2">
            <subfield code="a">Vaduz</subfield>
          </datafield>
          <datafield tag="412" ind1="-" ind2="2">
            <subfield code="a">Kraus Reprint</subfield>
          </datafield>
          <datafield tag="425" ind1="a" ind2="1">
            <subfield code="a">1965</subfield>
          </datafield>
          <datafield tag="433" ind1="-" ind2="1">
            <subfield code="a">VIII, 356 S.</subfield>
          </datafield>
          <datafield tag="451" ind1="-" ind2="1">
            <subfield code="a">Historische Studien ; 80</subfield>
          </datafield>
          <datafield tag="451" ind1="-" ind2="2">
            <subfield code="a">Historische Studien ; ...</subfield>
          </datafield>
          <datafield tag="453" ind1="-" ind2="1">
            <subfield code="a">HT001245236</subfield>
          </datafield>
          <datafield tag="455" ind1="-" ind2="1">
            <subfield code="a">80</subfield>
          </datafield>
          <datafield tag="456" ind1="-" ind2="1">
            <subfield code="a">80</subfield>
          </datafield>
          <datafield tag="523" ind1="-" ind2="2">
            <subfield code="p">Erschienen</subfield>
            <subfield code="a">Bd. 1 - 2</subfield>
          </datafield>
          <controlfield tag="SYS">000161445</controlfield>
          <datafield tag="700" ind1=" " ind2=" ">
            <subfield code="a">KXW</subfield>
          </datafield>
          <datafield tag="OWN" ind1=" " ind2=" ">
            <subfield code="a">P0001</subfield>
          </datafield>
          <datafield tag="655" ind1=" " ind2=" ">
            <subfield code="y">Bd. 2. Korbs Diarium itineris in Moscoviam und Quellen, die es ergänzen.</subfield>
            <subfield code="t">VIEW</subfield>
            <subfield code="u">http://digitool.hbz-nrw.de:1801/webclient/DeliveryManager?pid=4640555&amp;custom_att_2=simple_viewer</subfield>
          </datafield>
          <datafield tag="TXT" ind1=" " ind2=" ">
            <subfield code="a">TITEL: BD. 2. KORBS DIARIUM ITINERIS IN MOSCOVIAM UND QUELLEN, DIE ES ERGAENZEN. AUTOR: DUKMEYER, FRIEDRICH JAHR: 1965 HISTORISCHE STUDIEN VEROEFFENTLICHT E. EBERING DR. PHIL HEFT LXXX KORBS DIARIUM ITINERIS IN MOSCOVIAM UND QUELLEN, DIE ES ERGAENZEN. BD. II. VON DR. PHIL. FRIEDRICH DUKMEYER. BERLIN 1910 KORBS DIARIUM ITINERIS IN MOSCOVIAM UND QUELLEN, DIE ES ERGAENZEN BEITRAEGE ZUR MOSKOWITISCH-RUSSISCHEN, OESTERREICHISCH-KAISERLICHEN UND BRANDENBURGISCH-PREUSSISCHEN GESCHICHTE AUS DER ZEIT PETERS DES GROSSEN VON FRIEDRICH DUKMEYER ZWEITER BAND BERLIN 1910 NACHDRUCK MIT GENEHMIGUNG VOM MATTHIESEN VERLAG, LUEBECK KRAUS REPRINT LTD. VADUZ 1965 INHALT. II. ALLGEMEINER TEIL. (FORTSETZUNG.) SEI,E 9. NEUGEBAUER, UND WAS ER IN SEINER SCHMAEHSCHRIFT VORBRINGT . 1 10. DIE ZUSTAENDE IN MOSKAU. DER OFFIZIOESE PUBLIZIST BARON HUYSSEN UND SEIN GOENNER FUERST MENSCHIKOW...... 45 11. DIE HINRICHTUNG DER STRELITZEN — NAHM DER ZAR ALS HENKER DARAN TEIL?................... 100 12. ZAR PETER, ANNA MONS UND GEORG JOHANN VON KAYSERLING; DIE MONSISCHE TRAGOEDIE ............. 164 HISTORISCHE STUDIEN VEROEFFENTLICHT E. E BE RING DR. PHIL. HEFT LXXXI DEUTSCHES LAND UND VOLK NACH ITALIENISCHEN BERICHTERSTATTERN DER HEFOHMATIONSZEIT. VON DR. HANS LIEBMANN. BERLIN 1910. DEUTSCHES LAND UND VOLK NACH ITALIENISCHEN BERICHTERSTATTERN DER REFORMATIONSZEIT. VON DR. HANS LIEBMANN. BERLIN 1010 NACHDRUCK MIT GENEHMIGUNG VOM MATTHIESEN VERLAG, LUEBECK KRAUS REPRINT LTD. VADUZ 1965 INHALTSVERZEICHNIS. BUECHERVERZEICHNIS S. 1. I. EINLEITUNG S. 13. II. DIE QUELLEN S. 21. A) DIE OFFIZIELLEN BERICHTE S. 21. B) PRIVATE AUFZEICHNUNGEN S. 30. III. DIE BERICHTERSTATTER S. 34. A) DIE OFFIZIELLEN BERICHTERSTATTER S. 34. B) PRIVATE BEOBACHTER S. 52. C) BEITRAEGE ZUR EINZELCHARAKTERISTIK DER HAUPTSAECHLICHSTEN BERICHT- ERSTATTER S. 64. IV. DAS DEUTSCHE LAND S. 76. 1. DEUTSCHES LAND IN SEINEN ALLGEMEINEN GRUNDZUEGEN S- 77. II. DIE EINZELNEN DEUTSCHEN LANDSCHAFTEN S. 98.</subfield>
          </datafield>
          <datafield tag="TXT" ind1=" " ind2=" ">
            <subfield code="a">A) SUDDEUTSCHLAND MIT DER GRENZLINIE BRENNER—BODENSEE— BASEL—DONAULAUF BIS WIEN—SALZBURG—BRENNER S. 98. B) SUEDWESTDEUTSCHLAND MIT DER GRENZLINIE BASEL—TRIER—MAINZ— MAINLAUF—EGER—REGENSBURG—DONAULAUF—BASEL S. 116. C) NORD WESTDEUTSCHLAND MIT DER GRENZLINIE TRIER—AACHEN-WESEL —EMS BIS ZUR NORDSEE—WESERLAUF—WERRA—FICHTELGEBIRGE (EGER)—MAINLAUF—TRIER S. 131. D) NORD- U. MITTELDEUTSCHLAND MIT DER GRENZLINIE WESERLAUF—EGER— ERZGEBIRGE—BRESLAU—OSTSEEKUESTE—WESERMUENDUNG S. 138. V. DAS DEUTSCHE VOLK S. 152. A) DAS DEUTSCHE VOLK IN SEINER GESAMTHEIT S. 152. B) DAS DEUTSCHE VOLK IN SEINEN EINZELNEN STAENDEN S. 181. 1) FUERSTEN UND ADEL S. 181. 2) GEISTLICHE UND GELEHRTE S. 193. 3) STADT UND BUERGERTUM S. 198. 4) DIE BAUERN S. 210. 5) DIE SOLDATEN S. 211. 6) DIE DEUTSCHE FRAU S. 219. VI. RUECKBLICK. SCHLUSSERGEBNISSE S. 222. REGISTER S. 236.</subfield>
          </datafield>
          <datafield tag="PLK" ind1=" " ind2=" ">
            <subfield code="a">UP</subfield>
            <subfield code="l">PAD01</subfield>
            <subfield code="b">000161443</subfield>
            <subfield code="m">2;^.^1965</subfield>
            <subfield code="n">Korbs Diarium itineris in Moscoviam und Quellen, die es ergänzen.^</subfield>
          </datafield>
          <datafield tag="PLK" ind1=" " ind2=" ">
            <subfield code="a">SRU</subfield>
            <subfield code="l">PAD01</subfield>
            <subfield code="b">000210018</subfield>
            <subfield code="m">80.^1965</subfield>
            <subfield code="n">Historische Studien.^1896</subfield>
          </datafield>
          <datafield tag="LOC" ind1=" " ind2=" ">
            <subfield code="m">BOOK</subfield>
            <subfield code="a">P0001</subfield>
            <subfield code="b">30</subfield>
            <subfield code="d">KXW4113-80/81</subfield>
            <subfield code="i">73:956</subfield>
            <subfield code="n">30</subfield>
            <subfield code="k">20000217</subfield>
            <subfield code="5">433924-10</subfield>
          </datafield>
        </record>
      </metadata>
    </record>
  </ListRecords>
</OAI-PMH>
